@online{droneup,
  author       = {DroneUp LLC},
  organization = {Droneup.com},
  title        = {Medical Delivery Services | DroneUp},
  url          = {https://www.droneup.com/delivery-services/medical},
  urldate      = {2024-03-13},
  year         = {2024}
}

@online{zipline_24,
  author       = {Zipline},
  organization = {Zipline},
  title        = {Zipline Drone Delivery \& Logistics},
  url          = {https://www.flyzipline.com/},
  urldate      = {2024-03-13},
  year         = {2022}
}

@online{a2024_healthcare,
  title = {Healthcare Market Consulting and Research Reports - Grand View Research},
  url = {https://www.grandviewresearch.com/industry/healthcare},
  urldate = {2024-03-18},
  year = {2024},
  organization = {Grandviewresearch.com}
}

@online{pasternack_2022_matternet,
  author = {Pasternack, Karen},
  month = {12},
  title = {Matternet Launches World's Longest Urban Drone Delivery Route Connecting Hospitals and Laboratories in Zurich, Switzerland},
  url = {https://www.businesswire.com/news/home/20221212005097/en/Matternet-Launches-World%E2%80%99s-Longest-Urban-Drone-Delivery-Route-Connecting-Hospitals-and-Laboratories-in-Zurich-Switzerland},
  urldate = {2024-03-18},
  year = {2022},
  organization = {Businesswire.com}
}

@online{unitedparcelserviceofamericainc_2021_drone,
  author = {United Parcel Service of America, Inc},
  title = {Drone COVID Vaccine Deliveries},
  url = {https://about.ups.com/us/en/our-stories/innovation-driven/drone-covid-vaccine-deliveries.html},
  urldate = {2024-03-18},
  year = {2021},
  organization = {About UPS-US}
}

@online{drones2018dhlcomhttpswwwdhlcomusenhomeinsightsandinnovationthoughtleadershiptrendreportsdroneslogisticshtml_2018_drones,
  author = {Drones. (2018). Dhl.com. https://www.dhl.com/us-en/home/insights-and-innovation/thought-leadership/trend-reports/drones-logistics.html},
  title = {Drones},
  url = {https://www.dhl.com/us-en/home/insights-and-innovation/thought-leadership/trend-reports/drones-logistics.html},
  urldate = {2024-03-18},
  year = {2018},
  organization = {dhl.com}
}

@online{fortunebusinessinsights_2023_medical,
  author = {Fortune Business Insights},
  month = {08},
  publisher = {Fortune Business Insights},
  title = {Medical Drone Market to Worth USD 3.62 Billion by 2030 | Fortune Business Insightsâ„¢},
  url = {https://www.globenewswire.com/en/news-release/2023/08/24/2731127/0/en/Medical-Drone-Market-to-Worth-USD-3-62-Billion-by-2030-Fortune-Business-Insights.html},
  urldate = {2024-03-18},
  year = {2023},
  organization = {GlobeNewswire News Room}
}

@online{a2019_implementing,
  title = {Implementing regulation - 2019/947 - EN - EUR-Lex},
  url = {https://eur-lex.europa.eu/eli/reg_impl/2019/947/oj},
  urldate = {2024-03-18},
  year = {2019},
  organization = {Europa.eu}
}

@online{a2022_drones,
  month = {09},
  title = {Drones \& Air Mobility | EASA},
  url = {https://www.easa.europa.eu/en/domains/civil-drones},
  urldate = {2024-03-18},
  year = {2022},
  organization = {EASA}
}

@online{office_2024_drones,
  author = {Office, Federal},
  title = {Drones},
  url = {https://www.bazl.admin.ch/bazl/en/home/drohnen.html},
  urldate = {2024-03-18},
  year = {2024},
  organization = {Admin.ch}
}

@online{protonag_2019_general,
  author = {Proton AG},
  title = {General Data Protection Regulation (GDPR) Compliance Guidelines},
  url = {https://gdpr.eu/},
  urldate = {2024-03-18},
  year = {2019},
  organization = {GDPR.eu}
}